<collection>
<record>
<leader>09077cpc a22015017a 4500</leader>
<controlfield tag="001">11797565</controlfield>
<controlfield tag="005">20190602164607.0</controlfield>
<controlfield tag="007">se ||||||iw||e</controlfield>
<controlfield tag="007">sd d||enn||||b</controlfield>
<controlfield tag="008">990511i19281987enk eng </controlfield>
<datafield ind1=" " ind2=" " tag="906">
<subfield code="a">7</subfield>
<subfield code="b">cbc</subfield>
<subfield code="c">orignew</subfield>
<subfield code="d">1</subfield>
<subfield code="e">ncip</subfield>
<subfield code="f">19</subfield>
<subfield code="g">y-folklife</subfield>
</datafield>
<datafield ind1=" " ind2=" " tag="955">
<subfield code="a">
mfor ?/?/96; shal 09/25/99; cker 11/12/99; kblu 01-07-00; mkru 2004-07-23; mkru 2004-09-30; mkru 2004-10-25; mkru 2009-09-02; cker 2009-12-30; mkru 2010-09-08; cker 2011-03-23;
</subfield>
<subfield code="a">mseg 2013-01-07</subfield>
<subfield code="a">mkru 2013-01-17</subfield>
<subfield code="a">mseg 2013-02-22</subfield>
<subfield code="a">mkru 2015-03-09</subfield>
<subfield code="a">mkru 2018-03-06</subfield>
</datafield>
<datafield ind1=" " ind2=" " tag="010">
<subfield code="a"> 2004695192</subfield>
</datafield>
<datafield ind1=" " ind2=" " tag="035">
<subfield code="a">afc96000040</subfield>
</datafield>
<datafield ind1=" " ind2=" " tag="035">
<subfield code="a">89938</subfield>
</datafield>
<datafield ind1=" " ind2=" " tag="040">
<subfield code="a">DLC</subfield>
<subfield code="c">DLC</subfield>
<subfield code="e">appm</subfield>
<subfield code="d">DLC</subfield>
</datafield>
<datafield ind1=" " ind2=" " tag="041">
<subfield code="a">eng</subfield>
<subfield code="d">eng</subfield>
<subfield code="d">gla</subfield>
<subfield code="d">sco</subfield>
</datafield>
<datafield ind1=" " ind2=" " tag="043">
<subfield code="a">e-uk-st</subfield>
<subfield code="a">n-us---</subfield>
<subfield code="a">e-uk-en</subfield>
</datafield>
<datafield ind1=" " ind2=" " tag="090">
<subfield code="a">
RLA 00001-00176; RWE 9986; RWF 0576-0593; RXH 3046-3049
</subfield>
</datafield>
<datafield ind1=" " ind2=" " tag="090">
<subfield code="a">AFS 14830-15050; AFS 19900-19921; AFS 14762-14765</subfield>
</datafield>
<datafield ind1=" " ind2=" " tag="090">
<subfield code="a">LWO 6961, r1-22; LWO 6918;</subfield>
</datafield>
<datafield ind1=" " ind2=" " tag="090">
<subfield code="a">AFC 1972/001</subfield>
</datafield>
<datafield ind1="0" ind2="0" tag="245">
<subfield code="a">James Madison Carpenter collection,</subfield>
<subfield code="f">1928-1987</subfield>
<subfield code="g">(bulk 1928-1935) /</subfield>
<subfield code="c">collected by James Madison Carpenter.</subfield>
</datafield>
<datafield ind1=" " ind2=" " tag="300">
<subfield code="a">28.5 linear ft.</subfield>
<subfield code="f">(58 boxes)</subfield>
<subfield code="b">ca. 21,600 items.</subfield>
</datafield>
<datafield ind1=" " ind2=" " tag="300">
<subfield code="3">manuscripts</subfield>
<subfield code="a">19,417 items.</subfield>
</datafield>
<datafield ind1=" " ind2=" " tag="300">
<subfield code="3">sound recordings</subfield>
<subfield code="a">175 sound cylinders.</subfield>
</datafield>
<datafield ind1=" " ind2=" " tag="300">
<subfield code="3">sound recordings</subfield>
<subfield code="a">221 sound discs :</subfield>
<subfield code="b">analog, 78 rpm ;</subfield>
<subfield code="c">12 in.</subfield>
</datafield>
<datafield ind1=" " ind2=" " tag="300">
<subfield code="3">graphic images</subfield>
<subfield code="a">563 photographs :</subfield>
<subfield code="b">
negatives, photographic prints, glass negatives, lantern slides, slides, b and w., col.
</subfield>
</datafield>
<datafield ind1=" " ind2=" " tag="300">
<subfield code="3">graphic images</subfield>
<subfield code="a">40 drawings :</subfield>
<subfield code="b">pencil, ink, b and w, col.</subfield>
</datafield>
<datafield ind1=" " ind2=" " tag="300">
<subfield code="3">microfilm</subfield>
<subfield code="a">10 reels.</subfield>
</datafield>
<datafield ind1=" " ind2=" " tag="351">
<subfield code="a">
Organized into the following series: I. Original Collection Materials (Manuscripts, Sound Recordings, and Graphic Materials); II. Oral History, Programs, and Products (Manuscripts, Sound Recordings, and Graphic Materials).
</subfield>
</datafield>
<datafield ind1=" " ind2=" " tag="545">
<subfield code="a">
James Madison Carpenter (1889-1984) was an American professor of English and a university lecturer. After obtaining his doctorate from Harvard in 1929, he spent the next six years as a Harvard Fellow, traveling throughout England and Scotland collecting folk songs, folk plays, and other folklore material. In 1938, he began teaching at Duke University and continued folk song research there until 1943. He served as Chair of the English Department at Greensboro College, North Carolina, where he taught for 10 years, and retired to his hometown of Booneville, Mississippi in 1964. Carpenter died on July 4, 1984.
</subfield>
</datafield>
<datafield ind1=" " ind2=" " tag="520">
<subfield code="a">
The James Madison Carpenter collection consists of sound recordings, manuscripts, and graphic materials documenting English, Scottish, and American folk music, dance, children's games, and British folk drama and festivals. Content includes approximately 1,000 ballad texts and 850 tunes of the Francis J. Child canon; 500 sea songs; 1,000 other ballads and songs from Great Britain and the United States, particularly from North Carolina and Mississippi; 200 children's singing games, riddles, and nursery rhymes; 300 English and Scottish folk plays; miscellaneous folktales, Cornish carols, and African-American spirituals; with over 500 related photographic images and 40 drawings collected by James Madison Carpenter from 1928 to 1955. Additions to the collection, including an interview with Carpenter in 1972, lecture notes, and papers of Carpenter's Duke University students, date to 1987. Included is Carpenter's correspondence with John A. Lomax and others. Dance content includes documentation of sword dance plays, fiddle tunes for Morris dance, and photographs of Morris dance (with broom dancing), sword dance, Helston furry dance, and dancing at May Day celebrations and at English Folk Dance Society festivals. Drawings by George Baker illustrate mummers' plays and characters. The collection includes a few items from Ireland and Wales.
</subfield>
</datafield>
<datafield ind1="0" ind2=" " tag="506">
<subfield code="a">
Collection is open for research. To request materials, please contact the Folklife Reading Room at
</subfield>
<subfield code="u">http://hdl.loc.gov/loc.afc/folklife.contact</subfield>
</datafield>
<datafield ind1="8" ind2=" " tag="524">
<subfield code="a">
James Madison Carpenter Collection (AFC 1972/001), Archive of Folk Culture, American Folklife Center, Library of Congress, Washington, D.C.
</subfield>
</datafield>
<datafield ind1=" " ind2=" " tag="540">
<subfield code="a">
Duplication of the collection materials may be governed by copyright and other restrictions.
</subfield>
</datafield>
<datafield ind1=" " ind2=" " tag="541">
<subfield code="a">James Madison Carpenter;</subfield>
<subfield code="c">Purchase;</subfield>
<subfield code="d">1972.</subfield>
</datafield>
<datafield ind1=" " ind2=" " tag="530">
<subfield code="a">
Digital copies of the collection and complete finding aid are available online
</subfield>
<subfield code="u">https://www.vwml.org/archives-catalogue/JMC</subfield>
</datafield>
<datafield ind1=" " ind2=" " tag="544">
<subfield code="n">
The Vaughan Williams Memorial Library, Cecil Sharp House, London, England, hosts digital copies of the collection.
</subfield>
</datafield>
<datafield ind1=" " ind2=" " tag="546">
<subfield code="3">Sound recordings</subfield>
<subfield code="a">
in English, Scots, Scottish Gaelic and in Cornish dialect.
</subfield>
</datafield>
<datafield ind1="0" ind2=" " tag="555">
<subfield code="a">
Finding aid is available in the Folklife Reading Room and online via the American Folklife Center web pages.
</subfield>
</datafield>
<datafield ind1="1" ind2="0" tag="600">
<subfield code="a">Carpenter, James Madison,</subfield>
<subfield code="d">1888-1983</subfield>
<subfield code="x">Ethnomusicological collections.</subfield>
</datafield>
<datafield ind1="1" ind2="0" tag="600">
<subfield code="a">Carpenter, James Madison,</subfield>
<subfield code="d">1888-1983</subfield>
<subfield code="v">Written works.</subfield>
</datafield>
<datafield ind1="1" ind2="0" tag="600">
<subfield code="a">Carpenter, James Madison,</subfield>
<subfield code="d">1888-1983</subfield>
<subfield code="v">Interviews.</subfield>
</datafield>
<datafield ind1="1" ind2="0" tag="600">
<subfield code="a">Carpenter, James Madison,</subfield>
<subfield code="d">1888-1983</subfield>
<subfield code="v">Correspondence.</subfield>
</datafield>
<datafield ind1="2" ind2="0" tag="610">
<subfield code="a">English Folk Dance Society.</subfield>
</datafield>
<datafield ind1=" " ind2="0" tag="650">
<subfield code="a">Folk songs, English</subfield>
<subfield code="z">Scotland</subfield>
<subfield code="x">History and criticism.</subfield>
</datafield>
<datafield ind1=" " ind2="0" tag="650">
<subfield code="a">Folk songs, English</subfield>
<subfield code="z">England</subfield>
<subfield code="x">History and criticism.</subfield>
</datafield>
<datafield ind1=" " ind2="0" tag="650">
<subfield code="a">Folk songs, English</subfield>
<subfield code="z">Scotland.</subfield>
</datafield>
<datafield ind1=" " ind2="0" tag="650">
<subfield code="a">Folk songs, English</subfield>
<subfield code="z">England.</subfield>
</datafield>
<datafield ind1=" " ind2="0" tag="650">
<subfield code="a">Folk songs, Scots</subfield>
<subfield code="z">Scotland.</subfield>
</datafield>
<datafield ind1=" " ind2="0" tag="650">
<subfield code="a">Folk songs, Scottish Gaelic</subfield>
<subfield code="z">Scotland.</subfield>
</datafield>
<datafield ind1=" " ind2="0" tag="650">
<subfield code="a">Folk songs</subfield>
<subfield code="z">Great Britain</subfield>
<subfield code="v">Texts.</subfield>
</datafield>
<datafield ind1=" " ind2="0" tag="650">
<subfield code="a">Ballads, English</subfield>
<subfield code="z">Scotland.</subfield>
</datafield>
<datafield ind1=" " ind2="0" tag="650">
<subfield code="a">Ballads, English</subfield>
<subfield code="z">England.</subfield>
</datafield>
<datafield ind1=" " ind2="0" tag="650">
<subfield code="a">Ballads, Scots</subfield>
<subfield code="z">Scotland.</subfield>
</datafield>
<datafield ind1=" " ind2="0" tag="650">
<subfield code="a">Folk dancing, English</subfield>
<subfield code="z">Great Britain.</subfield>
</datafield>
<datafield ind1=" " ind2="0" tag="650">
<subfield code="a">Mumming</subfield>
<subfield code="z">England</subfield>
<subfield code="v">Drawings.</subfield>
</datafield>
<datafield ind1=" " ind2="0" tag="650">
<subfield code="a">Mumming</subfield>
<subfield code="z">Scotland.</subfield>
</datafield>
<datafield ind1=" " ind2="0" tag="650">
<subfield code="a">Mumming plays</subfield>
<subfield code="z">England</subfield>
<subfield code="v">Texts.</subfield>
</datafield>
<datafield ind1=" " ind2="0" tag="650">
<subfield code="a">Mumming plays</subfield>
<subfield code="z">Scotland</subfield>
<subfield code="v">Texts.</subfield>
</datafield>
<datafield ind1=" " ind2="0" tag="650">
<subfield code="a">Sword-dance</subfield>
<subfield code="z">England.</subfield>
</datafield>
<datafield ind1=" " ind2="0" tag="650">
<subfield code="a">Morris dance</subfield>
<subfield code="z">England.</subfield>
</datafield>
<datafield ind1=" " ind2="0" tag="650">
<subfield code="a">Folk drama, English</subfield>
<subfield code="z">England.</subfield>
</datafield>
<datafield ind1=" " ind2="0" tag="650">
<subfield code="a">Folk drama, Scottish</subfield>
<subfield code="z">Scotland.</subfield>
</datafield>
<datafield ind1=" " ind2="0" tag="650">
<subfield code="a">Christmas plays</subfield>
<subfield code="z">Great Britain.</subfield>
</datafield>
<datafield ind1=" " ind2="0" tag="650">
<subfield code="a">Christmas music</subfield>
<subfield code="z">Great Britain.</subfield>
</datafield>
<datafield ind1=" " ind2="0" tag="650">
<subfield code="a">Holidays</subfield>
<subfield code="z">Great Britain.</subfield>
</datafield>
<datafield ind1=" " ind2="0" tag="650">
<subfield code="a">Festivals</subfield>
<subfield code="z">Great Britain.</subfield>
</datafield>
<datafield ind1=" " ind2="0" tag="650">
<subfield code="a">Folk music</subfield>
<subfield code="z">Great Britain.</subfield>
</datafield>
<datafield ind1=" " ind2="0" tag="650">
<subfield code="a">Folk music</subfield>
<subfield code="z">United States.</subfield>
</datafield>
<datafield ind1=" " ind2="0" tag="650">
<subfield code="a">Folk songs, English</subfield>
<subfield code="z">United States.</subfield>
</datafield>
<datafield ind1=" " ind2="0" tag="650">
<subfield code="a">Folk songs, English</subfield>
<subfield code="z">United States</subfield>
<subfield code="v">Texts.</subfield>
</datafield>
<datafield ind1=" " ind2="0" tag="650">
<subfield code="a">Fiddle tunes</subfield>
<subfield code="z">Scotland.</subfield>
</datafield>
<datafield ind1=" " ind2="0" tag="650">
<subfield code="a">Fiddle tunes</subfield>
<subfield code="z">England.</subfield>
</datafield>
<datafield ind1=" " ind2="0" tag="650">
<subfield code="a">African Americans</subfield>
<subfield code="v">Music.</subfield>
</datafield>
<datafield ind1=" " ind2="0" tag="650">
<subfield code="a">Children's songs, English</subfield>
<subfield code="z">Scotland.</subfield>
</datafield>
<datafield ind1=" " ind2="0" tag="650">
<subfield code="a">Children's songs, English</subfield>
<subfield code="z">England.</subfield>
</datafield>
<datafield ind1=" " ind2="0" tag="650">
<subfield code="a">Children's songs, English</subfield>
<subfield code="z">United States.</subfield>
</datafield>
<datafield ind1=" " ind2="0" tag="650">
<subfield code="a">Singing games</subfield>
<subfield code="z">Scotland.</subfield>
</datafield>
<datafield ind1=" " ind2="0" tag="650">
<subfield code="a">Singing games</subfield>
<subfield code="z">England.</subfield>
</datafield>
<datafield ind1=" " ind2="0" tag="650">
<subfield code="a">Singing games</subfield>
<subfield code="z">United States.</subfield>
</datafield>
<datafield ind1=" " ind2="0" tag="650">
<subfield code="a">Nursery rhymes</subfield>
<subfield code="z">Great Britain.</subfield>
</datafield>
<datafield ind1=" " ind2="0" tag="650">
<subfield code="a">Nursery rhymes</subfield>
<subfield code="z">United States.</subfield>
</datafield>
<datafield ind1=" " ind2="0" tag="650">
<subfield code="a">Sea songs</subfield>
<subfield code="z">England.</subfield>
</datafield>
<datafield ind1=" " ind2="0" tag="650">
<subfield code="a">Sea songs</subfield>
<subfield code="z">Scotland.</subfield>
</datafield>
<datafield ind1=" " ind2="0" tag="650">
<subfield code="a">Sea songs</subfield>
<subfield code="z">United States.</subfield>
</datafield>
<datafield ind1=" " ind2="0" tag="650">
<subfield code="a">Carols</subfield>
<subfield code="z">England</subfield>
<subfield code="z">Cornwall (County)</subfield>
</datafield>
<datafield ind1=" " ind2="0" tag="650">
<subfield code="a">English language</subfield>
<subfield code="x">Dialects</subfield>
<subfield code="z">Cornwall (County)</subfield>
</datafield>
<datafield ind1=" " ind2="0" tag="650">
<subfield code="a">Spirituals (Songs)</subfield>
<subfield code="z">Mississippi.</subfield>
</datafield>
<datafield ind1=" " ind2="0" tag="650">
<subfield code="a">May Day</subfield>
<subfield code="z">England</subfield>
<subfield code="v">Photographs.</subfield>
</datafield>
<datafield ind1=" " ind2="0" tag="650">
<subfield code="a">Castles</subfield>
<subfield code="z">Scotland</subfield>
<subfield code="v">Photographs.</subfield>
</datafield>
<datafield ind1=" " ind2="0" tag="650">
<subfield code="a">Fiddlers</subfield>
<subfield code="z">Great Britain</subfield>
<subfield code="v">Photographs.</subfield>
</datafield>
<datafield ind1=" " ind2="0" tag="650">
<subfield code="a">Folk dancing</subfield>
<subfield code="z">Great Britain</subfield>
<subfield code="v">Photographs.</subfield>
</datafield>
<datafield ind1=" " ind2="0" tag="650">
<subfield code="a">Megalithic monuments</subfield>
<subfield code="z">Great Britain</subfield>
<subfield code="v">Photographs.</subfield>
</datafield>
<datafield ind1=" " ind2="0" tag="650">
<subfield code="a">Folk festivals</subfield>
<subfield code="z">England</subfield>
<subfield code="v">Photographs.</subfield>
</datafield>
<datafield ind1=" " ind2="0" tag="650">
<subfield code="a">Country life</subfield>
<subfield code="z">Scotland</subfield>
<subfield code="v">Photographs.</subfield>
</datafield>
<datafield ind1=" " ind2="0" tag="650">
<subfield code="a">Country life</subfield>
<subfield code="z">England</subfield>
<subfield code="v">Photographs.</subfield>
</datafield>
<datafield ind1=" " ind2="0" tag="650">
<subfield code="a">Baths, Roman</subfield>
<subfield code="z">England</subfield>
<subfield code="v">Photographs.</subfield>
</datafield>
<datafield ind1=" " ind2="0" tag="651">
<subfield code="a">England</subfield>
<subfield code="x">Social life and customs.</subfield>
</datafield>
<datafield ind1=" " ind2="0" tag="651">
<subfield code="a">Scotland</subfield>
<subfield code="x">Social life and customs.</subfield>
</datafield>
<datafield ind1=" " ind2="0" tag="651">
<subfield code="a">Cornwall (England : County)</subfield>
<subfield code="x">Social life and customs.</subfield>
</datafield>
<datafield ind1=" " ind2="0" tag="651">
<subfield code="a">Cornwall (England : County)</subfield>
<subfield code="x">Antiquities</subfield>
<subfield code="v">Photographs.</subfield>
</datafield>
<datafield ind1=" " ind2="0" tag="651">
<subfield code="a">Great Britain</subfield>
<subfield code="x">Antiquities</subfield>
<subfield code="v">Photographs.</subfield>
</datafield>
<datafield ind1=" " ind2="0" tag="650">
<subfield code="a">Field recordings</subfield>
<subfield code="z">Great Britain.</subfield>
</datafield>
<datafield ind1=" " ind2="0" tag="650">
<subfield code="a">Field recordings</subfield>
<subfield code="z">United States.</subfield>
</datafield>
<datafield ind1=" " ind2="7" tag="655">
<subfield code="a">Interviews (Sound recordings)</subfield>
<subfield code="2">lcgft</subfield>
</datafield>
<datafield ind1=" " ind2="7" tag="655">
<subfield code="a">Field notes.</subfield>
<subfield code="2">aat</subfield>
</datafield>
<datafield ind1=" " ind2="7" tag="655">
<subfield code="a">Correspondence.</subfield>
<subfield code="2">aat</subfield>
</datafield>
<datafield ind1=" " ind2="7" tag="655">
<subfield code="a">Sound recordings.</subfield>
<subfield code="2">lcgft</subfield>
</datafield>
<datafield ind1=" " ind2="7" tag="655">
<subfield code="a">Manuscripts.</subfield>
<subfield code="2">aat</subfield>
</datafield>
<datafield ind1=" " ind2="7" tag="655">
<subfield code="a">Negatives.</subfield>
<subfield code="2">aat</subfield>
</datafield>
<datafield ind1=" " ind2="7" tag="655">
<subfield code="a">Photographic prints.</subfield>
<subfield code="2">aat</subfield>
</datafield>
<datafield ind1=" " ind2="7" tag="655">
<subfield code="a">Lantern slides.</subfield>
<subfield code="2">aat</subfield>
</datafield>
<datafield ind1=" " ind2="7" tag="655">
<subfield code="a">Gelatin dry plate negatives.</subfield>
<subfield code="2">aat</subfield>
</datafield>
<datafield ind1=" " ind2="7" tag="655">
<subfield code="a">Drawings.</subfield>
<subfield code="2">aat</subfield>
</datafield>
<datafield ind1=" " ind2="7" tag="655">
<subfield code="a">Lectures.</subfield>
<subfield code="2">lcgft</subfield>
</datafield>
<datafield ind1=" " ind2="7" tag="655">
<subfield code="a">Lecture notes.</subfield>
<subfield code="2">aat</subfield>
</datafield>
<datafield ind1=" " ind2="7" tag="655">
<subfield code="a">Field recordings.</subfield>
<subfield code="2">lcgft</subfield>
</datafield>
<datafield ind1="1" ind2=" " tag="700">
<subfield code="a">Carpenter, James Madison,</subfield>
<subfield code="d">1888-1983,</subfield>
<subfield code="e">collector,</subfield>
<subfield code="e">interviewee.</subfield>
</datafield>
<datafield ind1="1" ind2=" " tag="700">
<subfield code="a">Jabbour, Alan,</subfield>
<subfield code="e">interviewer.</subfield>
</datafield>
<datafield ind1="2" ind2=" " tag="710">
<subfield code="a">Archive of Folk Culture (Library of Congress),</subfield>
<subfield code="e">collector.</subfield>
</datafield>
<datafield ind1="2" ind2=" " tag="710">
<subfield code="a">American Folklife Center,</subfield>
<subfield code="e">collector.</subfield>
</datafield>
<datafield ind1=" " ind2=" " tag="852">
<subfield code="a">Library of Congress</subfield>
<subfield code="b">Archive of Folk Culture, American Folklife Center,</subfield>
<subfield code="e">
101 Independence Ave. S.E., Washington, DC USA 20540-4610
</subfield>
</datafield>
<datafield ind1="4" ind2="2" tag="856">
<subfield code="3">Finding aid</subfield>
<subfield code="u">http://hdl.loc.gov/loc.afc/eadafc.af010002</subfield>
</datafield>
<datafield ind1=" " ind2=" " tag="985">
<subfield code="a">AFC/Carpenter</subfield>
<subfield code="e">DHC</subfield>
</datafield>
<datafield ind1=" " ind2=" " tag="985">
<subfield code="a">afc/ead</subfield>
</datafield>
<datafield ind1=" " ind2=" " tag="985">
<subfield code="a">afc/coll</subfield>
</datafield>
</record>
</collection>